<?xml version="1.0" encoding="UTF-8"?><record xmlns="http://www.loc.gov/MARC21/slim" xmlns:cinclude="http://apache.org/cocoon/include/1.0" xmlns:zs="http://www.loc.gov/zing/srw/">
  <leader>00371cz  a2200121n  4500</leader>
  <controlfield tag="001">n  95062217 </controlfield>
  <controlfield tag="003">DLC</controlfield>
  <controlfield tag="005">19950623134147.6</controlfield>
  <controlfield tag="008">950623n| acannaab|          |n aaa |||  </controlfield>
  <datafield tag="010" ind1=" " ind2=" ">
    <subfield code="a">n  95062217 </subfield>
  </datafield>
  <datafield tag="040" ind1=" " ind2=" ">
    <subfield code="a">DLC</subfield>
    <subfield code="c">DLC</subfield>
    <subfield code="d">DLC</subfield>
  </datafield>
  <datafield tag="100" ind1="1" ind2="0">
    <subfield code="a">Elze, Winifred</subfield>
  </datafield>
  <datafield tag="670" ind1=" " ind2=" ">
    <subfield code="a">The changeling garden, 1995:</subfield>
    <subfield code="b">CIP t.p. (Winifred Elze) pub. info. (b. in New York City; lives in Schenectady, N.Y.)</subfield>
  </datafield>
</record>